@Article{yangkang20142,
  author={Yangkang Chen and Sergey Fomel and Jingwei Hu},
  title ={Iterative deblending of simultaneous-source seismic data using seislet-domain shaping regularization},
  journal={Geophysics},
  year=2014,
  volume=79,
  issue=5,
  pages={V179-V189},
}

@Article{zhaoqiang2019tgrs,
  author={Qiang Zhao and Qizhen Du and Wenhan Sun and Yangkang Chen},
  title = {Iterative Double Laplacian-Scaled Low-Rank Optimization for Under-Sampled and Noisy Signal Recovery},
  journal={IEEE Transactions on Geoscience and Remote Sensing},
  year=2019,
  volume=57,
  issue=11,
  number=11,
  pages={9177-9187},
  doi={10.1109/TGRS.2019.2925376},
}


@article{amir2017ieee,
  title={Seismic Random Noise Attenuation Using Synchrosqueezed Wavelet Transform and Low-Rank Signal Matrix Approximation},
  author={Anvari, Rasoul and Siahsar, Mohammad Amir Nazari and Gholtashi, Saman and Kahoo, Amin Roshandel and Mohammadi, Mokhtar},
  journal={IEEE Transactions on Geoscience and Remote Sensing},
  year={2017},
  volume=55,
  issue=11,
  number=11,
  publisher={IEEE},
  pages={6574-6581}
}

@article{yanan2014,
  author =	 {Y[] Tian and Yue Li and Baojun Yang},
  title =	 {Variable-Eccentricity Hyperbolic-Trace {TFPF} for Seismic Random Noise Attenuation},
  year =	 2014,
  journal =	 {IEEE Transactions on Geoscience and Remote Sensing},
  volume =	 52,
  number=10,
  issue=10,
  pages =	 {6449-6458},
}

@article{yanhui2016,
  author =	 {Y[] Zhou and J[] Gao and W[] Chen and P[] Frossard},
  title =	 {Seismic Simultaneous Source Separation via Patchwise Sparse Representation},
  year =	 2016,
  journal =	 {IEEE Transactions on Geoscience and Remote Sensing},
  volume =	 54,
  issue=9,
  pages =	 {5271-5284},
}


@article{wang2019hankel,
  title={Hankel Low-Rank Approximation for Seismic Noise Attenuation},
  author={Wang, Chong and Zhu, Zhihui and Gu, Hanming and Wu, Xinming and Liu, Shuaiqi},
  journal={IEEE Transactions on Geoscience and Remote Sensing},
  volume=57,
  number={1},
  issue=1,
  pages={1--13},
  year={2019},
  publisher={IEEE}
}


@article{li2018multidimensional,
  title={Multidimensional Seismic Data Reconstruction Using Frequency-Domain Adaptive Prediction-Error Filter},
  author={Li, Chao and Liu, Guochang and Hao, Zhenjiang and Zu, Shaohuan and Mi, Fang and Chen, Xiaohong},
  journal={IEEE Transactions on Geoscience and Remote Sensing},
  volume={56},
  number={4},
  pages={2328--2336},
  year={2018},
  publisher={IEEE}
}




@Article{mssa,
  author={Vicente Oropeza and Mauricio Sacchi},
  title={Simultaneous seismic data denoising and reconstruction via multichannel singular spectrum analysis},
  journal = 	 {Geophysics},
  year = 	 2011,
  volume =	 76,
    issue=3,
    number=3,
  pages =	 {V25-V32},
}

@Article{weilin2016dmssa,
  author={Weilin Huang and Runqiu Wang and  Yangkang Chen and Huijian Li and Shuwei Gan},
  title = {Damped Multichannel Singular Spectrum Analysis for 3{D} Random Noise Attenuation },
  journal={Geophysics},
  year=2016,
  volume=81,
  issue=4,
  number=4,
  pages={V261-V270},
}

@Article{fomel2010seislet,
  author = 	 {S[] Fomel and Y[] Liu},
  title = 	 {Seislet transform and seislet frame},
  journal = 	 {Geophysics},
  year = 	 2010,
  volume =	 75,
  issue=3,
  pages =	 {V25-V38},
}
@Article{chenwei2012,
  author = 	 {Wei Chen and Shangxu Wang and Zhen Zhang and Xiaoyu Chuai},
  title = 	 {Noise reduction based on wavelet threshold filtering and ensemble empirical mode decomposition},
  journal = 	 {SEG Expanded Abstracts:82nd Annual international meeting},
  year = 	 2012,
  pages =	 {1-6}
}

@Article{canales1984,
  author = 	 {L[] Canales},
  title = 	 {Random noise reduction},
  journal = 	 {54th Annual International Meeting, SEG, Expanded Abstracts},
  year = 	 1984,
  pages =	 {525-527}
}

@article{margrave2011gabor,
  title={Gabor deconvolution: Estimating reflectivity by nonstationary deconvolution of seismic data},
  author={Margrave, Gary F and Lamoureux, Michael P and Henley, David C},
  journal={Geophysics},
  volume={76},
  number={3},
  pages={W15--W30},
  year={2011},
  publisher={Society of Exploration Geophysicists}
}

@article{wang2014absorption,
  title={Absorption-compensation method by l1-norm regularization},
  author={Wang, Shoudong and Chen, Xiaohong},
  journal={Geophysics},
  volume={79},
  number={3},
  pages={V107--V114},
  year={2014},
  publisher={Society of Exploration Geophysicists}
}
@article{Wang2015Simultaneous,
  title={Simultaneous seismic data interpolation and denoising with a new adaptive method based on dreamlet transform},
  author={Wang, Benfeng and Wu, Ru Shan and Chen, Xiaohong and Li, Jingye},
  journal={Geophysical Journal International},
  volume={201},
  number={2},
  year={2015},
}

@Article{yufeng2018l12,
  author={Yufeng Wang and  Xiong Ma and Hui Zhou and Yangkang Chen},
  title = {L1-2 minimization for exact and stable seismic attenuation compensation},
  journal={Geophysical Journal International},
  year=2018,
  volume=213,
  issue=3,
  number=3,
  pages={1629-1646},
}

@Article{fomel2007localattr,
  author={Sergey Fomel},
  title={Local seismic attributes},
  journal={Geophysics},
  year=2007,
  Volume=72,
  issue=3,
  number=3,
  pages={A29-A33},
}
@Article{yangkang2015ortho,
  author={Yangkang Chen and Sergey Fomel},
  title = {Random noise attenuation using local signal-and-noise orthogonalization},
  journal={Geophysics},
  volume=80,
  year=2015,
  issue=6,
  number=6,
  pages={W{D}1-W{D}9},
}


@article{Xue2017Full,
  title={Full waveform inversion using seislet regularization},
  author={Xue, Zhiguang and Zhu, Hejun and Fomel, Sergey},
  journal={Geophysics},
  pages={1-40},
  year={2017},
}
@book{hansen1998,
  title={Rank-deficient and discrete ill-posed problems: numerical aspects of linear inversion},
  author={Hansen, Per Christian},
  volume={4},
  year={2005},
  Journal = {SIAM, Monographs on Mathematical Modeling and Computation},
  publisher={SIAM}
}

@Article{amr2014,
  author={Amr Ibrahim and Mauricio D[] Sacchi},
  title={Simultaneous source separation using a robust Radon transform},
  journal={Geophysics},
  year=2014,
  Volume=79,
  pages={V1-V11},
}

@article{futterman1962dispersive,
  title={Dispersive body waves},
  author={Futterman, Walter I},
  journal={Journal of Geophysical research},
  volume={67},
  number={13},
  pages={5279--5291},
  year={1962},
  publisher={Wiley Online Library}
}

@article{abma1995,
  author =	 {R[] Abma and J[] Claerbout},
  title =	 {Lateral prediction for noise attenuation by $t-x$ and $f-x$ techniques},
  year =	 1995,
  journal =	 {Geophysics},
  volume =	 60,
  issue=6,
  number=6,
  pages =	 {1887-1896},
}

@Article{daniel2003,
  author={Daniel Trad and Tadeusz Ulrych and M[] Sacchi},
  title ={Latest views of the sparse {R}adon transform},
  journal={Geophysics},
  volume=68,
  year=2003,
  pages={386-399},
}

@Article{mostafa2016geo,
  author={S[] Mostafa Mousavi and Charles A[] Langston and Stephen P[] Horton},
  title={Automatic microseismic denoising and onset detection using the synchrosqueezed continuous wavelet transform},
  journal={Geophysics},
  year=2016,
  volume=81,
  number=4,
  issue=4,
  pages={V341-V355},
}

@article{zhao2018lateral,
  title={Lateral variation of crustal Lg attenuation in eastern North America},
  author={Zhao, Lian-Feng and Mousavi, S Mostafa},
  journal={Scientific reports},
  volume={8},
  number={1},
  pages={1--16},
  year={2018},
  publisher={Nature Publishing Group}
}
@Article{mostafa2016bssa,
  author={S[] Mostafa Mousavi and Charles A[] Langston},
  title={Hybrid Seismic Denoising Using Higher-Order Statistics and Improved Wavelet Block Thresholding},
  journal={Bulletin of the Seismological Society of America},
  year=2016,
  volume=106,
  number=4,
  issue=4,
  pages={1380-1393},
}

@article{mousavi2017automatic,
  title={Automatic noise-removal/signal-removal based on general cross-validation thresholding in synchrosqueezed domain and its application on earthquake data},
  author={Mousavi, S Mostafa and Langston, Charles A},
  journal={Geophysics},
  volume={82},
  number={4},
  pages={V211--V227},
  year={2017},
  publisher={Society of Exploration Geophysicists}
}

@article{kjartansson1979constant,
  title={Constant Q-wave propagation and attenuation},
  author={Kjartansson, Einar},
  journal={Journal of Geophysical Research: Solid Earth},
  volume={84},
  number={B9},
  pages={4737--4748},
  year={1979},
  publisher={Wiley Online Library}
}

@article{zhu2014q,
	title={Q-compensated reverse-time migration},
	author={Zhu, Tieyuan and Harris, Jerry M and Biondi, Biondo},
	journal={Geophysics},
	volume={79},
	number={3},
	pages={S77--S87},
	year={2014},
	publisher={Society of Exploration Geophysicists}
}

@article{chen2019multichannel,
	title={Multichannel quality factor Q estimation},
	author={Chen, Yangkang},
	journal={Geophysical Journal International},
	volume={218},
	number={1},
	pages={655--665},
	year={2019},
	publisher={Oxford University Press}
}


@incollection{zhang2010compensating,
	title={Compensating for visco-acoustic effects in reverse-time migration},
	author={Zhang, Yu and Zhang, Po and Zhang, Houzhu},
	booktitle={SEG Technical Program Expanded Abstracts 2010},
	pages={3160--3164},
	year={2010},
	publisher={Society of Exploration Geophysicists}
}

@article{chen2017q,
	title={Q-least-squares reverse time migration with viscoacoustic deblurring filters},
	author={Chen, Yuqing and Dutta, Gaurav and Dai, Wei and Schuster, Gerard T},
	journal={Geophysics},
	volume={82},
	number={6},
	pages={S425--S438},
	year={2017},
	publisher={Society of Exploration Geophysicists}
}

@article{sun2016q,
	title={Q-compensated least-squares reverse time migration using low-rank one-step wave extrapolation},
	author={Sun, Junzhe and Fomel, Sergey and Zhu, Tieyuan and Hu, Jingwei},
	journal={Geophysics},
	volume={81},
	number={4},
	pages={S271--S279},
	year={2016},
	publisher={Society of Exploration Geophysicists}
}

@incollection{zhang2010compensating,
	title={Compensating for visco-acoustic effects in reverse-time migration},
	author={Zhang, Yu and Zhang, Po and Zhang, Houzhu},
	booktitle={SEG Technical Program Expanded Abstracts 2010},
	pages={3160--3164},
	year={2010},
	publisher={Society of Exploration Geophysicists}
}

@article{zhao2018stable,
	title={A stable approach for Q-compensated viscoelastic reverse time migration using excitation amplitude imaging condition},
	author={Zhao, Xuebin and Zhou, Hui and Wang, Yufeng and Chen, Hanming and Zhou, Zheng and Sun, Pengyuan and Zhang, Jianlei},
	journal={Geophysics},
	volume={83},
	number={5},
	pages={S459--S476},
	year={2018},
	publisher={Society of Exploration Geophysicists}
}

@article{li2019effective,
	title={Effective Q-compensated reverse time migration using new decoupled fractional Laplacian viscoacoustic wave equation},
	author={Li, Qingqing and Fu, Li-Yun and Zhou, Hui and Wei, Wei and Hou, Wanting},
	journal={Geophysics},
	volume={84},
	number={2},
	pages={S57--S69},
	year={2019},
	publisher={Society of Exploration Geophysicists}
}

@article{harris2014q,
	title={Q-compensation for High Resolution Seismic Imaging},
	author={Harris, Jerry M and Zhu, Tieyuan},
	journal={VI Simp{\'o}sio Brasileiro de Geof{\'\i}sica},
	year={2014}
}

@article{wang2018adaptive,
	title={Adaptive stabilization for Q-compensated reverse time migration},
	author={Wang, Yufeng and Zhou, Hui and Chen, Hanming and Chen, Yangkang},
	journal={Geophysics},
	volume={83},
	number={1},
	pages={S15--S32},
	year={2018},
	publisher={Society of Exploration Geophysicists}
}

@article{baysal1983reverse,
	title={Reverse time migration},
	author={Baysal, Edip and Kosloff, Dan D and Sherwood, John WC},
	journal={Geophysics},
	volume={48},
	number={11},
	pages={1514--1524},
	year={1983},
	publisher={Society of Exploration Geophysicists}
}

@incollection{yoon2004challenges,
	title={Challenges in reverse-time migration},
	author={Yoon, Kwangjin and Marfurt, Kurt J and Starr, William},
	booktitle={SEG Technical Program Expanded Abstracts 2004},
	pages={1057--1060},
	year={2004},
	publisher={Society of Exploration Geophysicists}
}

@article{dai2012multi,
	title={Multi-source least-squares reverse time migration},
	author={Dai, Wei and Fowler, Paul and Schuster, Gerard T},
	journal={Geophysical Prospecting},
	volume={60},
	number={4},
	pages={681--695},
	year={2012},
	publisher={Wiley Online Library}
}

@article{zhu2013approximating,
	title={Approximating constant-Q seismic propagation in the time domain},
	author={Zhu, Tieyuan and Carcione, Jos{\'e} M and Harris, Jerry M},
	journal={Geophysical prospecting},
	volume={61},
	number={5},
	pages={931--940},
	year={2013},
	publisher={Wiley Online Library}
}

@incollection{he2012q,
	title={Q tomography towards true amplitude image and improve sub-karst image},
	author={He, Yang and Cai, Jun},
	booktitle={SEG Technical Program Expanded Abstracts 2012},
	pages={1--5},
	year={2012},
	publisher={Society of Exploration Geophysicists}
}

@article{guo2018compensating,
	title={Compensating Q effects in viscoelastic media by adjoint-based least-squares reverse time migration},
	author={Guo, Peng and McMechan, George A},
	journal={Geophysics},
	volume={83},
	number={2},
	pages={S151--S172},
	year={2018},
	publisher={Society of Exploration Geophysicists}
}

@article{bai2016q,
	title={Q-compensated migration by Gaussian beam summation method},
	author={Bai, Min and Chen, Xiaohong and Wu, Juan and Liu, Guochang and Chen, Yangkang and Chen, Hanming and Li, Qingqing},
	journal={Journal of Geophysics and Engineering},
	volume={13},
	number={1},
	pages={35},
	year={2016},
	publisher={IOP Publishing}
}

@article{fathalian2020approach,
	title={An approach for attenuation-compensating multidimensional constant-Q viscoacoustic reverse time migration},
	author={Fathalian, Ali and Trad, Daniel O and Innanen, Kristopher A},
	journal={Geophysics},
	volume={85},
	number={1},
	pages={S33--S46},
	year={2020},
	publisher={Society of Exploration Geophysicists}
}

@incollection{sun2015preconditioning,
	title={Preconditioning least-squares RTM in viscoacoustic media by Q-compensated RTM},
	author={Sun*, Junzhe and Fomel, Sergey and Zhu, Tieyuan},
	booktitle={SEG Technical Program Expanded Abstracts 2015},
	pages={3959--3965},
	year={2015},
	publisher={Society of Exploration Geophysicists}
}

@article{zhu2015improved,
	title={Improved seismic image by Q-compensated reverse time migration: Application to crosswell field data, west Texas},
	author={Zhu, Tieyuan and Harris, Jerry M},
	journal={Geophysics},
	volume={80},
	number={2},
	pages={B61--B67},
	year={2015},
	publisher={Society of Exploration Geophysicists}
}

@article{qu2017attenuation,
	title={Attenuation compensation in anisotropic least-squares reverse time migration},
	author={Qu, Yingming and Huang, Jianping and Li, Zhenchun and Guan, Zhe and Li, Jinli},
	journal={Geophysics},
	volume={82},
	number={6},
	pages={S411--S423},
	year={2017},
	publisher={Society of Exploration Geophysicists}
}

@incollection{guo2017adjoint,
	title={Adjoint-based least-squares reverse time migration for viscoelastic media},
	author={Guo, Peng and McMechan, George},
	booktitle={SEG Technical Program Expanded Abstracts 2017},
	pages={4358--4363},
	year={2017},
	publisher={Society of Exploration Geophysicists}
}

@article{bickel1985plane,
	title={Plane-wave Q deconvolution},
	author={Bickel, SH and Natarajan, RR},
	journal={Geophysics},
	volume={50},
	number={9},
	pages={1426--1439},
	year={1985},
	publisher={Society of Exploration Geophysicists}
}

@article{wang2002stable,
	title={A stable and efficient approach of inverse Q filtering},
	author={Wang, Yanghua},
	journal={Geophysics},
	volume={67},
	number={2},
	pages={657--663},
	year={2002},
	publisher={Society of Exploration Geophysicists}
}

@article{braginsky1989quality,
	title={Quality-factor and nonlinear properties of optical whispering-gallery modes},
	author={Braginsky, VB and Gorodetsky, ML and Ilchenko, VS},
	journal={Physics letters A},
	volume={137},
	number={7-8},
	pages={393--397},
	year={1989},
	publisher={Elsevier}
}

@article{desalvo2007passive,
	title={Passive, nonlinear, mechanical structures for seismic attenuation},
	author={DeSalvo, Riccardo},
	year={2007}
}

@incollection{guo2017stable,
	title={A stable Q compensation approach for adjoint seismic imaging by pseudodifferential scaling},
	author={Guo, Peng and Guan, Huimin and Nammour, Rami and Duquet, Bertrand and McMechan, George},
	booktitle={SEG Technical Program Expanded Abstracts 2017},
	pages={4566--4571},
	year={2017},
	publisher={Society of Exploration Geophysicists}
}
@inproceedings{zhou2019viscoacoustic,
	title={Viscoacoustic reverse time migration by attenuation compensation and wavefield decomposition},
	author={Zhou, Hongyu and Liu, Yang and Wang, Jing},
	booktitle={SEG 2018 Workshop: SEG Seismic Imaging Workshop, Beijing, China, 12-14 November 2018},
	pages={90--93},
	year={2019},
	organization={Society of Exploration Geophysicists}
}

@incollection{jin2019visco,
	title={Visco-acoustic least-squares reverse time migration in TTI media and application to OBN data},
	author={Jin, Side and Kuehl, Henning and Kiehn, Michael and Plessix, Rene-Edward and Wittmann-Hohlbein, Martina},
	booktitle={SEG Technical Program Expanded Abstracts 2019},
	pages={4191--4195},
	year={2019},
	publisher={Society of Exploration Geophysicists}
}

@article{virieux2009overview,
	title={An overview of full-waveform inversion in exploration geophysics},
	author={Virieux, Jean and Operto, St{\'e}phane},
	journal={Geophysics},
	volume={74},
	number={6},
	pages={WCC1--WCC26},
	year={2009},
	publisher={Society of Exploration Geophysicists}
}

@book{tarantola2005inverse,
	title={Inverse problem theory and methods for model parameter estimation},
	author={Tarantola, Albert},
	volume={89},
	year={2005},
	publisher={siam}
}

@incollection{zhou2013fwi,
	title={FWI-guided Q tomography and Q-PSDM for imaging in the presence of complex gas clouds, a case study from offshore Malaysia},
	author={Zhou, Joe and Wu, Xiaodong and Teng, Keat Huat and Xie, Yi and Lefeuvre, Frederic and Anstey, Ian and Sirgue, Laurent},
	booktitle={SEG Technical Program Expanded Abstracts 2013},
	pages={4765--4769},
	year={2013},
	publisher={Society of Exploration Geophysicists}
}

@incollection{xin20093,
	title={3-D tomographic Q inversion for compensating frequency dependent attenuation and dispersion},
	author={Xin, Kefeng and Hung, Barry},
	booktitle={SEG Technical Program Expanded Abstracts 2009},
	pages={4014--4018},
	year={2009},
	publisher={Society of Exploration Geophysicists}
}

@inproceedings{alasmri2019towards,
	title={Towards Q-Compensation in Full Wavefield Migration and Joint Migration Inversion},
	author={Alasmri, H and Verschuur, DJ},
	booktitle={81st EAGE Conference and Exhibition 2019},
	volume={2019},
	number={1},
	pages={1--5},
	year={2019},
	organization={European Association of Geoscientists \& Engineers}
}

@article{mousavi2014jgr,
  title={Average QLg, QSn, and observation of Lg blockage in the continental margin of Nova Scotia},
  author={Mousavi, S Mostafa and Cramer, Chris H and Langston, Charles A},
  journal={Journal of Geophysical Research: Solid Earth},
  volume={119},
  number={10},
  pages={7722--7744},
  year={2014},
  publisher={Wiley Online Library}
}

@inproceedings{li2016application,
	title={Application phononic crystal theory in full waveform inversion low frequency compensation},
	author={Li, Yingzheng and Yu, Wenhui and Peng, Haorui and Bian, Aifei and Chen, Wan},
	booktitle={SPG/SEG 2016 International Geophysical Conference, Beijing, China, 20-22 April 2016},
	pages={549--551},
	year={2016},
	organization={Society of Exploration Geophysicists and Society of Petroleum Geophysicists}
}

@inproceedings{xue2017visco,
	title={Visco-acoustic full waveform inversion with Q-compensation},
	author={Xue, Z and Fomel, S and Zhu, Tieyuan},
	booktitle={79th EAGE Conference and Exhibition 2017},
	volume={2017},
	number={1},
	pages={1--5},
	year={2017},
	organization={European Association of Geoscientists \& Engineers}
}

@article{xue2018accelerating,
	title={Accelerating full-waveform inversion with attenuation compensation},
	author={Xue, Zhiguang and Sun, Junzhe and Fomel, Sergey and Zhu, Tieyuan},
	journal={Geophysics},
	volume={83},
	number={1},
	pages={A13--A20},
	year={2018},
	publisher={Society of Exploration Geophysicists}
}

@incollection{xue2016q,
	title={Q-compensated full-waveform inversion using constant-Q wave equation},
	author={Xue, Zhiguang and Zhu, Tieyuan and Fomel, Sergey and Sun, Junzhe},
	booktitle={SEG Technical Program Expanded Abstracts 2016},
	pages={1063--1068},
	year={2016},
	publisher={Society of Exploration Geophysicists}
}

@article{wang2019q,
	title={Q full-waveform inversion based on the viscoacoustic equation},
	author={Wang, En-Jiang and Liu, Yang and Ji, Yu-Xin and Chen, Tian-Sheng and Liu, Tao},
	journal={Applied Geophysics},
	volume={16},
	number={1},
	pages={77--91},
	year={2019},
	publisher={Springer}
}

@incollection{innanen2008direct,
	title={Direct non-linear Q compensation of primaries in layered media: theory and synthetic examples},
	author={Innanen, KA and Lira, JE},
	booktitle={SEG Technical Program Expanded Abstracts 2008},
	pages={2957--2962},
	year={2008},
	publisher={Society of Exploration Geophysicists}
}

@article{innanen2010direct,
	title={Direct nonlinear Q-compensation of seismic primaries reflecting from a stratified, two-parameter absorptive medium},
	author={Innanen, Kristopher A and Lira, Jose E},
	journal={Geophysics},
	volume={75},
	number={2},
	pages={V13--V23},
	year={2010},
	publisher={Society of Exploration Geophysicists}
}

@incollection{innanen2005towards,
	title={Towards non-linear construction of a Q-compensation operator directly from measured seismic reflection data},
	author={Innanen, Kristopher A and Weglein, Arthur B},
	booktitle={SEG Technical Program Expanded Abstracts 2005},
	pages={1693--1696},
	year={2005},
	publisher={Society of Exploration Geophysicists}
}

@incollection{innanen2011q,
	title={Q compensation and spectral extrapolation: getting high frequencies from low and vice versa},
	author={Innanen, KA},
	booktitle={SEG Technical Program Expanded Abstracts 2011},
	pages={4339--4343},
	year={2011},
	publisher={Society of Exploration Geophysicists}
}

@inproceedings{wu2019application,
	title={Application of Near-Surface Q Compensation Technology in TZ Area of Western China},
	author={Wu, J and Su, Q and Yang, W and Ling, Y and Qie, S and Wang, J and Zang, S and Hu, S},
	booktitle={81st EAGE Conference and Exhibition 2019},
	volume={2019},
	number={1},
	pages={1--5},
	year={2019},
	organization={European Association of Geoscientists \& Engineers}
}

@incollection{zhou2011compensating,
	title={Compensating attenuation due to shallow gas through Q tomography and Q-PSDM, a case study in Brazil},
	author={Zhou, Joe and Birdus, Sergey and Hung, Barry and Teng, Keat Huat and Xie, Yi and Chagalov, Dimitri and Cheang, Amy and Wellen, Darrell and Garrity, John},
	booktitle={SEG Technical Program Expanded Abstracts 2011},
	pages={3332--3336},
	year={2011},
	publisher={Society of Exploration Geophysicists}
}

@incollection{xin2014robust,
	title={Robust Q tomographic inversion through adaptive extraction of spectral features},
	author={Xin, Kefeng and He, Yi and Xie*, Yi and Xu, Weiquan and Wang, Ming},
	booktitle={SEG Technical Program Expanded Abstracts 2014},
	pages={3726--3730},
	year={2014},
	publisher={Society of Exploration Geophysicists}
}

@misc{hu2019reflection,
	title={Reflection seismic data Q tomography},
	author={Hu, Wenyi and Bear, Lorie K and Sun, Hongchuan and Marcinkovich, Carey M},
	year={2019},
	month=jun # "~11",
	publisher={Google Patents},
	note={US Patent 10,317,548}
}

@inproceedings{gamar2019q,
	title={Q-Tomography: Status and Challenges},
	author={Gamar-Sadat, Fatiha and Pintus, Alessandro and Guillaume, Patrice and Wright, Andrew},
	booktitle={81st EAGE Conference and Exhibition 2019 Workshop Programme},
	volume={2019},
	number={1},
	pages={1--3},
	year={2019},
	organization={European Association of Geoscientists \& Engineers}
}

@article{shen2018q,
	title={Q-model building using one-way wave-equation migration Q analysis—Part 1: Theory and synthetic test},
	author={Shen, Yi and Biondi, Biondo and Clapp, Robert},
	journal={Geophysics},
	volume={83},
	number={2},
	pages={S93--S109},
	year={2018},
	publisher={Society of Exploration Geophysicists}
}

@incollection{shank2018image,
	title={Image based Q-compensation for 4D reservoir identification and interpretation—A case study at Gulf of Mexico},
	author={Shank, Robert and Carley, Shane and Rhoads, George and Wang, Zhao and Qi, Ji and Xuan, Yi and Yang, Min},
	booktitle={SEG Technical Program Expanded Abstracts 2018},
	pages={5283--5287},
	year={2018},
	publisher={Society of Exploration Geophysicists}
}

@article{shen2018q2,
	title={Q-model building using one-way wave-equation migration Q analysis—Part 2: 3D field-data test},
	author={Shen, Yi and Biondi, Biondo and Clapp, Robert},
	journal={Geophysics},
	volume={83},
	number={2},
	pages={S111--S126},
	year={2018},
	publisher={Society of Exploration Geophysicists}
}

@article{jyothi2017seismic,
	title={Seismic attenuation for characterization of gas hydrate reservoir in Krishna-Godavari Basin, eastern Indian margin},
	author={Jyothi, Veligeti and Sain, Kalachand and Pandey, Vivekanand and Bhaumik, Ajoy K},
	journal={Journal of the Geological Society of India},
	volume={90},
	number={3},
	pages={261--266},
	year={2017},
	publisher={Springer}
}

@article{luo2019q,
	title={$ Q $ Estimation by Combining ISD With LSR Method Based on Shaping-Regularized Inversion},
	author={Luo, Cong and Huang, Guantan and Li, Xiangyang and Wei, Qing},
	journal={IEEE Geoscience and Remote Sensing Letters},
	volume={16},
	number={9},
	pages={1457--1461},
	year={2019},
	publisher={IEEE}
}

@article{cheng2018q,
	title={Q-estimation using seismic interferometry from vertical well data},
	author={Cheng, Feng and Draganov, Deyan and Xia, Jianghai and Hu, Yue and Liu, Jianhuan},
	journal={Journal of Applied Geophysics},
	volume={159},
	pages={16--22},
	year={2018},
	publisher={Elsevier}
}

@article{aharchaou2019prestack,
	title={Prestack Q compensation with sparse tau-p operators},
	author={Aharchaou, Mehdi and Neumann, Erik},
	journal={Geophysics},
	volume={84},
	number={5},
	pages={V295--V305},
	year={2019},
	publisher={Society of Exploration Geophysicists}
}