
@Article{fomel2002pwd,
  author={Sergey Fomel},
  title={Application of plane-wave destruction filters},
  journal={Geophysics},
  year=2002,
  Volume=67,
  number=6,
  issue=6,
  pages={1946-1960},
}



@misc{aarre2013consistent,
  title={Consistent dip estimation for seismic imaging},
  author={Aarre, Victor},
  year={2013},
  month=jun # "~11",
  publisher={Google Patents},
  note={US Patent 8,463,551}
}



@inproceedings{browaeys2010local,
  title={Local complex-valued correlation of seismic phases},
  author={Browaeys, Thomas J and others},
  booktitle={2010 SEG Annual Meeting},
  year={2010},
  organization={Society of Exploration Geophysicists}
}

@article{chopra2007volumetric,
  title={Volumetric curvature attributes add value to 3D seismic data interpretation},
  author={Chopra, Satinder and Marfurt, Kurt J},
  journal={The Leading Edge},
  volume={26},
  number={7},
  pages={856--867},
  year={2007},
  publisher={Society of Exploration Geophysicists}
}

@inproceedings{aqrawi2012hybrid,
  title={Hybrid dip estimation},
  author={Aqrawi, AA and Boe, TH},
  booktitle={74th EAGE Conference and Exhibition incorporating EUROPEC 2012},
  pages={cp--293},
  year={2012},
  organization={European Association of Geoscientists \& Engineers}
}

@article{marfurt19983,
  title={3-D seismic attributes using a semblance-based coherency algorithm},
  author={Marfurt, Kurt J and Kirlin, R Lynn and Farmer, Steven L and Bahorich, Michael S},
  journal={Geophysics},
  volume={63},
  number={4},
  pages={1150--1165},
  year={1998},
  publisher={Society of Exploration Geophysicists}
}

@article{benfeng2019efficient,
  title={Efficient Deblending in the PFK Domain Based on Compressive Sensing},
  author={Wang, Benfeng and Geng, Jianhua},
  journal={IEEE Transactions on Geoscience and Remote Sensing},
	volume = {58},
	number = {2},
	issue=2,
  publisher={IEEE},
  pages={995 - 1003},
    year={2019}
}

@article{wu2017directional,
  title={Directional structure-tensor-based coherence to detect seismic faults and channels},
  author={Wu, Xinming},
  journal={Geophysics},
  volume={82},
  number={2},
  pages={A13--A17},
  year={2017},
  publisher={Society of Exploration Geophysicists}
}

@article{wang2018robust,
  title={Robust seismic volumetric dip estimation combining structure tensor and multiwindow technology},
  author={Wang, Xiaokai and Chen, Wenchao and Zhu, Zhenyu},
  journal={IEEE Transactions on Geoscience and Remote Sensing},
  volume={57},
  number={1},
  pages={395--405},
  year={2018},
  publisher={IEEE}
}


@Article{yangkang2018gji3,
  author={Yangkang Chen and Weilin Huang and Yatong Zhou and Wei Liu and Dong Zhang },
  title = {Plane-wave orthogonal polynomial transform for amplitude-preserving noise attenuation},
  journal={Geophysical Journal International},
  year=2018,
  volume=214,
  pages={2207-2223},
  doi={10.1093/gji/ggy267},
}

@article{lou2019accurate,
  title={Accurate seismic dip and azimuth estimation using semblance dip guided structure tensor analysis},
  author={Lou, Yihuai and Zhang, Bo and Lin, Tengfei and Liu, Naihao and Wu, Hao and Liu, Rongchang and Cao, Danping},
  journal={Geophysics},
  volume={84},
  number={5},
  pages={O103--O112},
  year={2019},
  publisher={Society of Exploration Geophysicists}
}



@Article{fomel2007localattr,
  author={Sergey Fomel},
  title={Local seismic attributes},
  journal={Geophysics},
  year=2007,
  Volume=72,
  issue=3,
  number=3,
  pages={A29-A33},
}

@article{hale2007local,
  title={Local dip filtering with directional Laplacians},
  author={Hale, Dave},
  journal={CWP Project Review},
  volume={567},
  pages={91--102},
  year={2007},
  publisher={Citeseer}
}
@inproceedings{van1995estimators,
  title={Estimators for orientation and anisotropy in digitized images},
  author={Van Vliet, Lucas J and Verbeek, Piet W},
  booktitle={ASCI Imaging Workshop, Venray, NL, October 25-27},
  year={1995},
  organization={Citeseer}
}

@Article{qushan2019geo,
  author={S[] Qu and E[] Verschuur and Yangkang Chen},
  title = {FWI/JMI with an automatic directional total variation constraint},
  journal={Geophysics},
  year=2019,
  volume=84,
  issue=2,
  number=2,
  pages={R175-R183},
  doi={10.1190/GEO2018-0085.1},
}

@Article{zhiguang2016,
  author={Zhiguang Xue and Yangkang Chen and Sergey Fomel and Junzhe Sun},
  title={Seismic imaging of incomplete data and simultaneous-source
data using least-squares reverse time migration with shaping regularization},
  journal={Geophysics},
  year=2016,
  volume=81,
  issue=1,
  number=1,
  pages={S11-S20},
}


@Article{sosvmf,
  author={Yangkang Chen and S[] Zu and Yufeng Wang and Xiaohong Chen},
  title = {Deblending of simultaneous-source data using a structure-oriented space-varying median filter},
  journal={Geophysical Journal International},
  year=2019,
  volume=216,
  issue=2,
  number=2,
  pages={1214-1232},
  doi={10.1093/gji/ggy487},
}

@Article{curveletieee2016,
  author={Tong Qiao and J[] Ren and Z[] Wang and J[] Zabalza and M[] Sun and H[] Zhao and S[] Li and J[] A[] Benediktsson and Q[] Dai},
  title={Effective Denoising and Classification of Hyperspectral Images Using Curvelet Transform and Singular Spectrum Analysis},
  journal={IEEE Transactions on Geoscience and Remote Sensing},
  year=2016,
  Volume=55,
  issue=1,
  number=1,
  pages={119-133},
}

@article{yanan2014,
  author =	 {Y[] Tian and Yue Li and Baojun Yang},
  title =	 {Variable-Eccentricity Hyperbolic-Trace {TFPF} for Seismic Random Noise Attenuation},
  year =	 2014,
  journal =	 {IEEE Transactions on Geoscience and Remote Sensing},
  volume =	 52,
  number=10,
  issue=10,
  pages =	 {6449-6458},
}

@article{thiran1971recursive,
  title={Recursive digital filters with maximally flat group delay},
  author={Thiran, J-P},
  journal={IEEE Transactions on Circuit Theory},
  volume={18},
  number={6},
  pages={659--664},
  year={1971},
  publisher={IEEE}
}


@book{claerbout1992pvi,
   author = {J[on] F[] Claerbout},
   publisher = {Blackwell Scientific Publications},
   title = {Earth soundings analysis: processing versus inversion},
   year = {1992}
}

@article{wang2019hankel,
  title={Hankel Low-Rank Approximation for Seismic Noise Attenuation},
  author={Wang, Chong and Zhu, Zhihui and Gu, Hanming and Wu, Xinming and Liu, Shuaiqi},
  journal={IEEE Transactions on Geoscience and Remote Sensing},
  volume=57,
  number={1},
  issue=1,
  pages={1--13},
  year={2019},
  publisher={IEEE}
}


@Article{zhaoqiang2019tgrs,
  author={Qiang Zhao and Qizhen Du and Wenhan Sun and Yangkang Chen},
  title = {Iterative Double Laplacian-Scaled Low-Rank Optimization for Under-Sampled and Noisy Signal Recovery},
  journal={IEEE Transactions on Geoscience and Remote Sensing},
  year=2019,
  volume=57,
  issue=11,
  number=11,
  pages={9177-9187},
  doi={10.1109/TGRS.2019.2925376},
}
@Article{weilin2017dlsp,
  author={Weilin Huang and Runqiu Wang and Xiaohong Chen and Yangkang Chen},
  title = {Double least squares projections method for signal estimation},
  journal={IEEE Transactions on Geoscience and Remote Sensing},
  year=2017,
  volume=55,
  number=7,
  issue=7,
  pages={4111-4129},
}


@article{li2018multidimensional,
  title={Multidimensional Seismic Data Reconstruction Using Frequency-Domain Adaptive Prediction-Error Filter},
  author={Li, Chao and Liu, Guochang and Hao, Zhenjiang and Zu, Shaohuan and Mi, Fang and Chen, Xiaohong},
  journal={IEEE Transactions on Geoscience and Remote Sensing},
  volume={56},
  number={4},
  pages={2328--2336},
  year={2018},
  publisher={IEEE}
}

@article{greer2018matching,
  title={Matching and merging high-resolution and legacy seismic images},
  author={Greer, Sarah and Fomel, Sergey},
  journal={Geophysics},
  volume={83},
  number=2,
  issue=2,
  pages={V115--V122},
  year={2018},
  publisher={Society of Exploration Geophysicists}
}

@Article{liuyang2009tvmf,
  author = 	 {Y[] Liu and Cai Liu and Dian Wang},
  title = 	 {A {1D} time-varying median filter for seismic random, spike-like noise elimination},
  journal = 	 {Geophysics},
  year = 	 2009,
  volume =	 74,
  pages =	 {V17-V24},
}

@Article{sosvmf,
  author={Yangkang Chen and S[] Zu and Yufeng Wang and Xiaohong Chen},
  title = {Deblending of simultaneous-source data using a structure-oriented space-varying median filter},
  journal={Geophysical Journal International},
  year=2019,
  volume=216,
  issue=2,
  number=2,
  pages={1214-1232},
  doi={10.1093/gji/ggy487},
}
@Article{shaohuan2018ieee,
  author={S[] Zu and H[] Zhou and Rushan Wu and Weijian Mao and Yangkang Chen},
  title = {Hybrid-sparsity constrained dictionary learning for iterative deblending of extremely noisy simultaneous-source data},
  journal={IEEE Transactions on Geoscience and Remote Sensing},
  year=2018,
  volume=57,
  number=4,
  issue=4,
  pages={2249-2262},
  doi={10.1109/TGRS.2018.2872416},
}

@article{wang2019hankel,
  title={Hankel Low-Rank Approximation for Seismic Noise Attenuation},
  author={Wang, Chong and Zhu, Zhihui and Gu, Hanming and Wu, Xinming and Liu, Shuaiqi},
  journal={IEEE Transactions on Geoscience and Remote Sensing},
  volume=57,
  number={1},
  issue=1,
  pages={1--13},
  year={2019},
  publisher={IEEE}
}



@article{zhonghuan2013omnidirectional,
  title={Omnidirectional plane-wave destruction},
  author={Chen, Zhonghuan and Fomel, Sergey and Lu, Wenkai},
  journal={Geophysics},
  volume={78},
  number={5},
  issue=5,
  pages={V171--V179},
  year={2013},
  publisher={Society of Exploration Geophysicists}
}
@article{zhonghuan2013accelerated,
  title={Accelerated plane-wave destruction},
  author={Chen, Zhonghuan and Fomel, Sergey and Lu, Wenkai},
  journal={Geophysics},
  volume={78},
  number={1},
  issue=1,
  pages={V1--V9},
  year={2013},
  publisher={Society of Exploration Geophysicists}
}

@Article{shuwei2016somf,
  author={S[] Gan and Shoudong Wang and Yangkang Chen and Xiaohong Chen and Kui Xiang},
  title = {Separation of simultaneous sources using a structural-oriented median filter in the flattened dimension},
  journal={Computers \& Geosciences},
  year=2016,
  volume=86,
  pages={46-54},
}


@Article{liuyang2015,
  author={Cai Liu and Changle Chen and Dian Wang and Yang Liu and Shiyu Wang and Liang Zhang},
  title = {Seismic dip estimation based on the two-dimensional Hilbert transform and its application in random noise attenuation},
  journal={Applied Geophysics},
  year=2015,
  volume=12,
  pages={55-63},
}


@Article{fomel2010seislet,
  author = 	 {S[] Fomel and Y[] Liu},
  title = 	 {Seislet transform and seislet frame},
  journal = 	 {Geophysics},
  year = 	 2010,
  volume =	 75,
  issue=3,
  pages =	 {V25-V38},
}


@Article{fomel2007shape,
  author={Sergey Fomel},
  title={Shaping regularization in geophysical-estimation problems},
  journal={Geophysics},
  year=2007,
  Volume=72,
  issue=2,
  number=2,
  pages={R29-R36},
}

@article{fomel2007velocity,
  title={Velocity-independent time-domain seismic imaging using local event slopes},
  author={Fomel, Sergey},
  journal={Geophysics},
  volume={72},
  number={3},
  issue=3,
  pages={S139--S147},
  year={2007},
  publisher={Society of Exploration Geophysicists}
}

@Article{liuyang2010,
  author = 	 {Yang Liu and Sergey Fomel and Guochang Liu},
  title = 	 {Nonlinear structure-enhancing filtering using plane-wave prediction},
  journal = 	 {Geophysical Prospecting},
  year = 	 2010,
  volume =	 58,
  pages =	 {415-427},
}

@Article{yangkang2016emd,
  author={Yangkang Chen},
  title = {Dip-separated structural filtering using seislet thresholding and adaptive empirical mode decomposition based dip filter},
  journal={Geophysical Journal International},
  year=2016,
  volume=206,
  issue=1,
  number=1,
  pages={457-469},
}


@Article{fomel2010predictive,
  author = 	 {S[] Fomel},
  title = 	 {Predictive painting of 3-{D} seismic volumes},
  journal = 	 {Geophysics},
  year = 	 2010,
  volume =	 75,
  number=4,
  issue=4,
  pages =	 {A25-A30},
}

@article{harlan1984signal,
  title={Signal/noise separation and velocity estimation},
  author={Harlan, William S and Claerbout, Jon F and Rocca, Fabio},
  journal={Geophysics},
  volume={49},
  number={11},
  pages={1869--1880},
  year={1984},
  publisher={Society of Exploration Geophysicists}
}

