@Article{scons,
  author = 	 {S[] Knight},
  title = 	 {Building software with {SCons}},
  journal = 	 {Computing in Science and Engineering},
  year = 	 2005,
  volume = 	 7,
  number = 	 1,
  pages = 	 {79-88}}

@Book{make,
  author =	 {R[ichard] M[] Stallman and Roland McGrath and Paul D[] Smith},
  title = 	 {{GNU} make: {A} Program for Directing Recompilation},
  publisher = 	 {GNU Press},
  year = 	 2004
}
